%%% ---- REFERENCES ----

%I tend to use google scholar to automatically generate these things. 
@book{poincare1895analysis,
	title={Analysis situs},
	author={Poincar{\'e}, Henri},
	year={1895},
	publisher={na}
}
@article{alexander1923lemma,
	title={A lemma on systems of knotted curves},
	author={Alexander, James Wadell},
	journal={Proceedings of the National Academy of Sciences},
	volume={9},
	number={3},
	pages={93--95},
	year={1923},
	publisher={National Acad Sciences}
}

@article{gardner1976snarks,
 ISSN = {00368733, 19467087},
 URL = {http://www.jstor.org/stable/24950334},
 author = {Martin Gardner},
 journal = {Scientific American},
 number = {4},
 pages = {126--131},
 publisher = {Scientific American, a division of Nature America, Inc.},
 title = {MATHEMATICAL GAMES},
 urldate = {2023-10-03},
 volume = {234},
 year = {1976}
}


@article{brouwer1911abbildung,
  title={{\"U}ber abbildung von mannigfaltigkeiten},
  author={Brouwer, Luitzen Egbertus Jan},
  journal={Mathematische Annalen},
  volume={71},
  number={1},
  pages={97--115},
  year={1911},
  publisher={Springer}
}
@article{stanley1980number,
  title={The number of faces of a simplicial convex polytope},
  author={Stanley, Richard P},
  journal={Advances in Mathematics},
  volume={35},
  number={3},
  pages={236--238},
  year={1980},
  publisher={Elsevier}
}
@article{vizing1964estimate,
  title={On an estimate of the chromatic class of a p-graph},
  author={Vizing, Vadim G},
  journal={Diskret. Analiz},
  volume={3},
  number={7},
  pages={25--30},
  year={1964}
}
@inproceedings{brooks1941colouring,
  title={On colouring the nodes of a network},
  author={Brooks, Rowland Leonard},
  booktitle={Mathematical Proceedings of the Cambridge Philosophical Society},
  volume={37},
  number={02},
  pages={194--197},
  year={1941},
  organization={Cambridge Univ Press}
}
@book{kozlov2007combinatorial,
  title={Combinatorial algebraic topology},
  author={Kozlov, Dimitry},
  volume={21},
  year={2007},
  publisher={Springer Science \& Business Media}
}

@article{farmer1995knots,
  title={Knots and surfaces},
  author={Farmer, David W and Stanford, Theodore B},
  year={1995},
  publisher={American Mathematical Society}
}
@article{hatcher2002algebraic,
  title={Algebraic topology},
  author={Hatcher, Allen},
  year={2002}
}

@book{diestel2000graph,
  title={Graph theory $\{$graduate texts in mathematics; 173$\}$},
  author={Diestel, Reinhard},
  year={2000},
  publisher={Springer-Verlag Berlin and Heidelberg GmbH \& amp}
}

@article{khovanov1999categorification,
  title={A categorification of the Jones polynomial},
  author={Khovanov, Mikhail},
  journal={arXiv preprint math.QA/9908171},
  year={1999}
}


@article{bar2002khovanov,
  title={On Khovanov’s categorification of the Jones polynomial},
  author={Bar-Natan, Dror},
  journal={Algebraic \& Geometric Topology},
  volume={2},
  number={1},
  pages={337--370},
  year={2002},
  publisher={Mathematical Sciences Publishers}
}

@article{mader1977endlichkeitssatze,
  title={Endlichkeitss{\"a}tze f{\"u}rk-kritische Graphen},
  author={Mader, W},
  journal={Mathematische Annalen},
  volume={229},
  number={2},
  pages={143--153},
  year={1977},
  publisher={Springer}
}
@inproceedings{erdos1960graph,
  title={Graph theory and probability. II},
  author={Erd{\H{o}}s, Paul},
  booktitle={Canad. J. Math},
  year={1960},
  organization={Citeseer}
}
@article{kuratowski1930probleme,
  title={Sur le probleme des courbes gauches en topologie},
  author={Kuratowski, Casimir},
  journal={Fundamenta mathematicae},
  volume={15},
  number={1},
  pages={271--283},
  year={1930},
  publisher={Institute of Mathematics Polish Academy of Sciences}
}
@article{konig1916graphok,
  title={Graphok {\'e}s alkalmaz{\'a}suk a determin{\'a}nsok {\'e}s a halmazok elm{\'e}let{\'e}re},
  author={K{\"o}nig, D{\'e}nes},
  journal={Mathematikai {\'e}s Term{\'e}szettudom{\'a}nyi Ertesito},
  volume={34},
  pages={104--119},
  year={1916}
}
@article{thomassen1997zero,
  title={The zero-free intervals for chromatic polynomials of graphs},
  author={Thomassen, Carsten},
  journal={Combinatorics, Probability and Computing},
  volume={6},
  number={04},
  pages={497--506},
  year={1997},
  publisher={Cambridge Univ Press}
}

@article{forman2002user,
  title={A user’s guide to discrete Morse theory},
  author={Forman, Robin},
  journal={S{\'e}m. Lothar. Combin},
  volume={48},
  pages={35pp},
  year={2002}
}

@book{kock2004frobenius,
  title={Frobenius algebras and 2-d topological quantum field theories},
  author={Kock, Joachim},
  volume={59},
  year={2004},
  publisher={Cambridge University Press}
}